@misc{Drummond2013,
    title  = {{\it Ibex farm}},
    author = {Drummond, Alex},
    note   = {https://spellout.net/ibexfarm},
    year   = {2013}
}

@article{TurkLogacev2024,
    title     = {Agreement attraction in Turkish: The case of genitive attractors},
    author    = {T{\"u}rk, Utku and Loga{\v{c}}ev, Pavel},
    journal   = {Language, Cognition and Neuroscience},
    volume    = {39},
    number    = {4},
    pages     = {448--454},
    year      = {2024},
    publisher = {Taylor \& Francis}
}

@article{LagoEtAl2019,
    author    = {Lago, Sol and Gra\v{c}anin--Yuksek, Martina and \c{S}afak, Duygu Fatma and Demir, Orhan and K{\i}rk{\i}c{\i}, Bilal and Felser, Claudia},
    title     = {Straight from the horse's mouth: {A}greement attraction effects with {T}urkish possessors},
    journal   = {Linguistic Approaches to Bilingualism},
    year      = {2019},
    volume    = {9},
    number    = {3},
    pages     = {398--426},
    doi       = {10.1075/lab.17019.lag},
    publisher = {John Benjamins},
    type      = {Journal Article}
}
@article{Slioussar2018,
    title     = {Forms and features: The role of syncretism in number agreement attraction},
    author    = {Slioussar, Natalia},
    journal   = {Journal of Memory and Language},
    volume    = {101},
    doi       = {10.1016/j.jml.2018.03.006},
    pages     = {51--63},
    year      = {2018},
    publisher = {Elsevier}
}

@article{HartsuikerEtAl2003,
    title     = {Morphophonological influences on the construction of subject--verb agreement},
    author    = {Hartsuiker, Robert J and Schriefers, Herbert J and Bock, Kathryn and Kikstra, Gerdien M},
    journal   = {Memory \& Cognition},
    volume    = {31},
    doi       = {10.3758/bf03195814},
    number    = {8},
    pages     = {1316--1326},
    year      = {2003},
    publisher = {Springer}
}

@article{Dillon2013a,
    title   = {Contrasting intrusion profiles for agreement and anaphora: {E}xperimental and modeling evidence},
    journal = {Journal of Memory and Language},
    volume  = {69},
    number  = {2},
    pages   = {85--103},
    year    = {2013},
    doi     = {10.1016/j.jml.2013.04.003},
    author  = {Brian Dillon and Alan Mishler and Shayne Sloggett and Colin Phillips}
}


@article{WagersEtAl:2009,
    title   = {Agreement attraction in comprehension: {R}epresentations and processes},
    journal = {Journal of Memory and Language},
    volume  = {61},
    number  = {2},
    pages   = {206--237},
    year    = {2009},
    doi     = {10.1016/j.jml.2009.04.002},
    author  = {Matthew W. Wagers and Ellen F. Lau and Colin Phillips}
}
@article{EberhardEtAl2005,
    title     = {{M}aking syntax of sense: {N}umber agreement in sentence production},
    author    = {Eberhard, Kathleen M. and Cutting, J. Cooper and Bock, Kathryn},
    journal   = {Psychological review},
    volume    = {112},
    number    = {3},
    pages     = {531--559},
    doi       = {10.1037/0033-295X.112.3.531},
    year      = {2005},
    publisher = {American Psychological Association}
}

@article{PearlmutterGarnseyBock:1999,
    title   = {Agreement processes in sentence comprehension},
    journal = {Journal of Memory and Language},
    volume  = {41},
    number  = {3},
    pages   = {427--456},
    year    = {1999},
    doi     = {10.1006/jmla.1999.2653},
    author  = {Neal J. Pearlmutter and Susan M. Garnsey and Kathryn Bock}
}

@article{HammerlyEtAl2019,
    title   = {The grammaticality asymmetry in agreement attraction reflects response bias: {E}xperimental and modeling evidence},
    journal = {Cognitive Psychology},
    volume  = {110},
    pages   = {70--104},
    year    = {2019},
    doi     = {10.1016/j.cogpsych.2019.01.001},
    author  = {Christopher Hammerly and Adrian Staub and Brian Dillon}
}

@article{ArehalliWittenberg2021,
    url     = {https://doi.org/10.1515/lingvan-2020-0052},
    title   = {Experimental filler design influences error correction rates in a word restoration paradigm},
    author  = {Suhas Arehalli and Eva Wittenberg},
    pages   = {20200052},
    volume  = {7},
    number  = {1},
    journal = {Linguistics Vanguard},
    doi     = {doi:10.1515/lingvan-2020-0052},
    year    = {2021}
}

@article{LogacevVasishth2016,
    title     = {A multiple-channel model of task-dependent ambiguity resolution in sentence comprehension},
    author    = {Loga{\v{c}}ev, Pavel and Vasishth, Shravan},
    journal   = {Cognitive Science},
    volume    = {40},
    number    = {2},
    pages     = {266--298},
    year      = {2016},
    publisher = {Wiley Online Library}
}
@article{LauraMalsbug24,
    title   = {Agreement attraction in grammatical sentences and the role of the task},
    journal = {Journal of Memory and Language},
    volume  = {137},
    pages   = {104525},
    year    = {2024},
    issn    = {0749-596X},
    doi     = {https://doi.org/10.1016/j.jml.2024.104525},
    url     = {https://www.sciencedirect.com/science/article/pii/S0749596X24000287},
    author  = {Anna Laurinavichyute and Titus {von der Malsburg}}
}


@misc{Ulusoy2023,
    title  = {Connectivity and case effects in agreement attraction: The case of Turkish},
    author = {Ulusoy, Elifnur},
    year   = {2023},
    school = {University of California, Santa Cruz}
}



@article{BockMiller:1991,
  title     = {Broken agreement},
  author    = {Bock, Kathryn and Miller, Carol A},
  journal   = {Cognitive Psychology},
  volume    = {23},
  doi       = {10.1016/0010-0285(91)90003-7},
  number    = {1},
  pages     = {45--93},
  year      = {1991},
  publisher = {Elsevier}
}
@article{HaskellMacDonald2003,
    title     = {Conflicting cues and competition in subject--verb agreement},
    author    = {Haskell, Todd R and MacDonald, Maryellen C},
    journal   = {Journal of Memory and Language},
    volume    = {48},
    doi       = {10.1016/S0749-596X(03)00010-X},
    number    = {4},
    pages     = {760--778},
    year      = {2003},
    publisher = {Elsevier}
}

@article{BrehmEtAl2020,
    title     = {The role of word frequency and morpho-orthography in agreement processing},
    author    = {Brehm, Laurel and Hussey, Erika and Christianson, Kiel},
    journal   = {Language, Cognition and Neuroscience},
    volume    = {35},
    doi       = {10.1080/23273798.2019.1631456},
    number    = {1},
    pages     = {58--77},
    year      = {2020},
    publisher = {Taylor \& Francis}
}

@article{BockEberhard1993,
    title     = {Meaning, sound and syntax in {E}nglish number agreement},
    author    = {Bock, Kathryn and Eberhard, Kathleen M},
    journal   = {Language and Cognitive Processes},
    volume    = {8},
    number    = {1},
    pages     = {57--99},
    doi       = {10.1080/01690969308406949},
    year      = {1993},
    publisher = {Taylor \& Francis}
}
